<?xml version="1.0" encoding="UTF-8"?><collection><record><leader>05597ntm a2200529 a 4500</leader><controlfield tag="001">006837343</controlfield><controlfield tag="003">MiAaHDL</controlfield><controlfield tag="005">20190719000000.0</controlfield><controlfield tag="006">m        d        </controlfield><controlfield tag="007">cr bn ---auaua</controlfield><controlfield tag="008">090709s1879    ir            00| ||ota d</controlfield><datafield tag="035" ind1=" " ind2=" "><subfield code="a">(MiU)006837343</subfield></datafield><datafield tag="035" ind1=" " ind2=" "><subfield code="a">sdr-miu006837343</subfield></datafield><datafield tag="040" ind1=" " ind2=" "><subfield code="a">MiU</subfield><subfield code="c">MiU</subfield><subfield code="e">amremm</subfield></datafield><datafield tag="041" ind1="0" ind2=" "><subfield code="a">per</subfield><subfield code="a">ota</subfield></datafield><datafield tag="043" ind1=" " ind2=" "><subfield code="a">n-us-mi</subfield></datafield><datafield tag="245" ind1="0" ind2="0"><subfield code="6">880-03</subfield><subfield code="a">Risale-yi tekellüm,</subfield><subfield code="f">[1296, i.e. 1879].</subfield></datafield><datafield tag="260" ind1=" " ind2=" "><subfield code="a">[Tehran,</subfield><subfield code="c">1879].</subfield></datafield><datafield tag="300" ind1=" " ind2=" "><subfield code="a">48 leaves :</subfield><subfield code="b">paper ;</subfield><subfield code="c">182 x 115 (115 x 51) mm. bound to 185 x 120 mm.</subfield></datafield><datafield tag="500" ind1=" " ind2=" "><subfield code="a">Shelfmark: Ann Arbor, University of Michigan, Special Collections Library, Isl. Ms. 879</subfield></datafield><datafield tag="500" ind1=" " ind2=" "><subfield code="a">Origin: As appears in colophon on p.105, copied [and authored ?] by Jaʻfar ibn Ḥājjī Muḥammad Ḥusayn al-Qummī with transcription completed in Tehran 6 Rabīʻ II 1296 [ca. 30 March 1879], presumably on the order of Nāṣir al-Dīn Shāh Qajār (r.1848-1896) "حسب الامر وفرمايش جناب مستطاب سرور مكرم مخدوم و معظم" (see closing matter on p.105).</subfield></datafield><datafield tag="500" ind1=" " ind2=" "><subfield code="a">Accompanying materials: a. Slip with description in hand of G. Meredith-Owens "MO 14 A manual of Persian and Turkish conversation in 4 bāb. Copied in Tehran in 1296" (paginated pp.1-2) -- b. Portion of a page torn from Luzac catalog, 1911, with description of this manuscript "2546 Persian-Turkish conversations. A ms. containing conversational phrases in Persian and Turkish in parallel columns. Neatly written, the Persian in Nīm-Shikastah, the Turkish in Naskhī. 8vo. Leather-binding. pp. 93. Written at Teheran, A.H. 1296." as well as penciled note (likely in hand of E. Husselman "n. f. in Mich. Isl. MSS." (paginated pp.3-4) -- c. Slip with note "Persian MSS (Heyworth-Dunne?) with Meredith-Owens notes | 19th century [in hand of Emilie Savage-Smith ?]" (paginated pp.5-6) -- d. Slip with note "Counted for 1968/69 Annual Report" (paginated pp.7-8).</subfield></datafield><datafield tag="500" ind1=" " ind2=" "><subfield code="a">Former shelfmark: Mich. Isl. Ms. temp. no. 28</subfield></datafield><datafield tag="500" ind1=" " ind2=" "><subfield code="a">Binding: Pasteboards covered in light orange-brown leather ; Type III binding (without flap) ; board linings in purple-tinted paper ; upper and lower covers in blind-tooled in mitred-panel style ; sewn in cream thread, six stations ; overall in fair condition with minor abrasion, etc.</subfield></datafield><datafield tag="500" ind1=" " ind2=" "><subfield code="a">Support:European "laid" paper with 8 laid lines per cm. (horizontal), chain lines spaced 23 mm. apart (vertical) and watermark "A PIRIE &amp; SONS 1877" (see p.12, 22-23, etc.) ; embossed with medallion carrying the Lion and Sun emblem of the Iranian state (officially adopted by Muḥammad Shāh Qajār in 1836).</subfield></datafield><datafield tag="500" ind1=" " ind2=" "><subfield code="a">Script: Naskh and shikastah-nastaʻlīq ; a compact, elegant hand ; Persian text in shikastah-nastaʻlīq, compact and freely ligatured with effect of words descending to baseline, pointing in distinct dots, elongation of horizontal strokes and sweeping descenders (many reversed or recurved) ; Turkish text in a fine naskh, mainly serifless with slight effect of tilt to the left, curvilinear descenders, pointing in distinct dots, open and close counters, some free assimilation of letters.</subfield></datafield><datafield tag="500" ind1=" " ind2=" "><subfield code="a">Layout: Written mainly in 7 lines per page, divided to two columns with Persian in right column and Turkish in left column ; list of vocabulary at close in four columns.</subfield></datafield><datafield tag="500" ind1=" " ind2=" "><subfield code="a">Collation: i, 3 VI (36), IV (44), II (48), i ; three senions followed by a quaternion and a binion ; pagination in black ink, Hindu-Arabic numerals ; pagination in pencil, Western numerals, supplied during digitization (includes inserts and flyleaves).</subfield></datafield><datafield tag="500" ind1=" " ind2=" "><subfield code="a">Colophon: "Scribal," [and authorial ?] reads "باتمام رسيد در دار الخلافه طهران صانها الله عن الحادثات [؟] بتاريخ يوم يكشنبه ششم شهر ربيع الثانى ١٢٩۶ وانا اقل خلق الله ... جعفر بن حاجى [؟] محمد حسين القمى اللهم اغفرها بحق الحق والنبى المطلق فى سنه ١٢٩۶"</subfield></datafield><datafield tag="500" ind1=" " ind2=" "><subfield code="a">Explicit: "يعنى تمام اولدى حسب الامر وفرمايش جناب مستطاب سرور مكرم ومخدوم معظم باتمام رسيد ..."</subfield></datafield><datafield tag="500" ind1=" " ind2=" "><subfield code="a">Incipit: "اشبوه رساله تكلم ايچون درت باب اوزره تبويب اولنون ..."</subfield></datafield><datafield tag="500" ind1=" " ind2=" "><subfield code="a">Title from opening matter (preface) on p.11.</subfield></datafield><datafield tag="500" ind1=" " ind2=" "><subfield code="a">Ms. codex.</subfield></datafield><datafield tag="520" ind1="8" ind2=" "><subfield code="a">Elegant copy (possibly autograph) of a treatise addressing conversational phrases in Persian and Turkish in four chapters witha Turkish preface, parallel Persian-Turkish text, and a brief glossary at the close.</subfield></datafield><datafield tag="538" ind1=" " ind2=" "><subfield code="a">Mode of access: Internet.</subfield></datafield><datafield tag="541" ind1=" " ind2=" "><subfield code="c">Gift ;</subfield><subfield code="a">Acquired from Frank E. Nuttall (1875-1943).</subfield></datafield><datafield tag="546" ind1=" " ind2=" "><subfield code="a">Ottoman Turkish and Persian.</subfield></datafield><datafield tag="561" ind1=" " ind2=" "><subfield code="a">Inscription on front flyleaf (p.9) (likely in hand of Nuttall) "Fly-leaves inserted, Oct. 1914" ; fairly clean copy.</subfield></datafield><datafield tag="650" ind1=" " ind2="0"><subfield code="a">Manuscripts, Persian</subfield><subfield code="z">Michigan</subfield><subfield code="z">Ann Arbor.</subfield></datafield><datafield tag="650" ind1=" " ind2="0"><subfield code="a">Manuscripts, Turkish</subfield><subfield code="z">Michigan</subfield><subfield code="z">Ann Arbor.</subfield></datafield><datafield tag="650" ind1=" " ind2="0"><subfield code="a">Persian language</subfield><subfield code="v">Conversation and phrase books.</subfield></datafield><datafield tag="650" ind1=" " ind2="0"><subfield code="a">Turkish language</subfield><subfield code="v">Conversation and phrase books.</subfield></datafield><datafield tag="700" ind1="1" ind2=" "><subfield code="a">Nuttall, Frank E.,</subfield><subfield code="d">1875-1943,</subfield><subfield code="e">former owner.</subfield></datafield><datafield tag="700" ind1="0" ind2=" "><subfield code="6">880-05</subfield><subfield code="a">Jaʻfar ibn Ḥājjī Muḥammad Ḥusayn al-Qummī,</subfield><subfield code="d">fl. 1879,</subfield><subfield code="e">scribe.</subfield></datafield><datafield tag="773" ind1="0" ind2=" "><subfield code="a">F. E. Nuttall Collection.</subfield></datafield><datafield tag="880" ind1="0" ind2=" "><subfield code="6">700-05/</subfield><subfield code="a">جعفر بن حاجى محمد حسين القمى,</subfield><subfield code="e">ناسخ.</subfield></datafield><datafield tag="880" ind1="0" ind2="0"><subfield code="6">245-03/</subfield><subfield code="a">رساله تكلم,</subfield><subfield code="f">[1296ه, 1879م].</subfield></datafield><datafield tag="CID" ind1=" " ind2=" "><subfield code="a">006837343</subfield></datafield><datafield tag="DAT" ind1="0" ind2=" "><subfield code="a">20190719102641.0</subfield><subfield code="b">20190719000000.0</subfield></datafield><datafield tag="DAT" ind1="1" ind2=" "><subfield code="a">20190719090653.0</subfield><subfield code="b">2019-07-19T16:12:31Z</subfield></datafield><datafield tag="DAT" ind1="2" ind2=" "><subfield code="a">2015-10-10T18:00:06Z</subfield></datafield><datafield tag="CAT" ind1=" " ind2=" "><subfield code="a">SDR-MIU</subfield><subfield code="d">EX LIBRIS - ALEPH</subfield><subfield code="l">prepare.pl-004-008</subfield></datafield><datafield tag="FMT" ind1=" " ind2=" "><subfield code="a">BK</subfield></datafield><datafield tag="HOL" ind1=" " ind2=" "><subfield code="0">sdr-miu006837343</subfield><subfield code="a">MiU</subfield><subfield code="b">SDR</subfield><subfield code="c">MIU</subfield><subfield code="p">mdp.39015079132562</subfield><subfield code="s">MIU</subfield><subfield code="1">006837343</subfield></datafield><datafield tag="974" ind1=" " ind2=" "><subfield code="b">MIU</subfield><subfield code="c">MIU</subfield><subfield code="d">20190719</subfield><subfield code="s">lit-dlps-dc</subfield><subfield code="u">mdp.39015079132562</subfield><subfield code="y">1879</subfield><subfield code="r">pd</subfield><subfield code="q">exp</subfield></datafield></record></collection>